@misc{cbasewebsite,
  title        = {c-base Coredump},
  author       = {c-base e.V.~},
  note         = {\url{https://wiki.c-base.org/dokuwiki/} [Zugriff: (5.5.2024)]}
}
@misc{cbasestarbasemanual,
    author = {c-base e.V.~},
    title= {c-base starbase manual},
    note = {\url{https://www.c-base.org/cv50f/core/starbase-manual7.html} [Zugriff: 5.5.2024]}
}
@book{cbasebook,
    author = {Alexander Last and Marten Suhr and Mirko Fichtner},
    title = {c-book -- 20 years c-base},
    publisher = {c-base e.V.~},
    address= {Berlin},
    year = {2015},
    edition = {1. Auflage},
    ISBN = {978-3-00-050213-2}
}
@book{cbasepressemap,
    title = {c-base official handout},
    author= {c-base e.V. / macro},
    year = {2006},
    note = {\url{https://www.c-base.org/presse/pressemappe.pdf} [Zugriff: 3.5.2024]}
}
@misc{ctour,
    title ={c-tour},
    author = {c-base e.V.},
    year = {},
    note = {\url{https://www.c-base.org/cv50f/core/c-tour/htdocs/start.html} [Zugriff: 3.5.2024]}
}
@misc{cbasefarbschema,
    title = {c-base Farbschema},
    author = {c-base e.V. / count},
    year = {2017},
    note = {\url{https://wiki.c-base.org/dokuwiki/farbschema} [Zugriff: 3.5.2024]}
}
@book{adams_life, 
    author = {Douglas Adams}, 
    title = {Life, the Universe and Everything}, 
    year = {1982}, 
    publisher = {Pan Books}, 
    isbn = {0-330-50457-4}, 
    series = {Hitchhikerâ€™s Guide to the Galaxy}, volume = {3}
}
@book{encyclopaedia,
    author = {The Multitude},
    title = {Encyclopaedia Galactica},
    publisher = {} ,
    year =  {forthcoming}
}
@misc{symbiont,
    title = "proctozoikum cryptogenum. ein cryptogenes individuum in einer sehr engen biologischen nische",
    author = "c-base e.V. / N.N.",
    publisher = "fachbereich exobiologie | arbeitsbericht 96/4",
    year = "2000",
    note = {\url{https://www.c-base.org/cv50f/creactiv/symbiont.html}}
}